@book{svetlik:reklama,
  author       = {Světlík Jaroslav},
  title        = {Reklama: (Teorie, koncepce, modely) },
  date         = 2017,
  publisher    = {Vysoká škola informatiky a managementu v Rzeszowě},
  isbn         = {978-83-64286-71-1},
  url          = {http://www.marketingsvetlik.cz/knihy/Reklama-Jaroslav_Svetlik.pdf},
  urldate      = {2022-05-10},
  location     = {Rzeszów},
  keywords     = {primary},
  langid       = {czech},
}

@book{klapdor:effect,
  author       = {Klapdor Sebastian},
  title        = {Effectiveness of Online Marketing Campaigns},
  subtitle     = {An Investigation into Online Multichannel and Search Engine Advertising},
  date         = 2012,
  publisher    = {Wiesbaden : Springer Gabler},
  isbn         = {978-3-658-01731-6},
  url          = {https://books.google.cz/books?id=4bBGAAAAQBAJ&pg=PA75&hl=cs#v=onepage&q&f=false},
  urldate      = {2022-05-10},
  location     = {München},
  keywords     = {Online-Marketing ; Mehrgleisiger Vertrieb ; Effektivität},
  langid       = {english},
}

@book{vysekalova:reklama,
  author       = {{Vysekalová Jitka a Mikeš Jiří}},
  title        = {Reklama},
  subtitle     = {Jak dělat reklamu},
  date         = 2018,
  publisher    = {Grada Publishing a.s.},
  isbn         = {978-80-247-2001-2},
  url          = {https://books.google.cz/books?id=6Ovrcn0i-9oC&pg=PA29&hl=cs&sa=X#v=onepage&q&f=false},
  urldate      = {2022-05-10},
  location     = {Praha},
  langid       = {czech},
}

@online{google:csv, 
  author       = {{Google LLC}},
  title        = {Sloupce souboru CSV - Nápověda Google Ads Editor},
  date         = {2022},
  url          = {https://support.google.com/google-ads/editor/answer/57747?hl=cs&ref_topic=2986631},
  urldate      = {2022-05-10},
}

@online{sklik:csv, 
  author       = {{Seznam.cz, a.s.}},
  title        = {Specifikace CSV souboru | Sklik Nápověda},
  date         = {2022},
  url          = {https://napoveda.sklik.cz/pokrocila-prace-s-daty/import-a-export/specifikace-csv-souboru},
  urldate      = {2022-05-10},
}

@phdthesis{cookies,
  author       = {Bianco, Ginevra},
  year         = {2020},
  month        = {11},
  title        = {An empirical analysis of consumer response to Google’s decision of phasing out third party cookies},
  doi          = {10.13140/RG.2.2.21106.12481},
  urldate      = {2022-05-10},
}

@online{spir:mediatypes,
  author       = {{SPIR z. s. p. o}},
  title        = {Průzkum inzertních výkonů SPIR 2021},
  date         = {2022},
  url          = {http://www.inzertnivykony.cz/rok2021},
  urldate      = {2022-05-10},
}

@online{mediaguru:afinita, 
  author       = {{PHD, a.s.}},
  title        = {Afinita},
  date         = {2022},
  url          = {https://www.mediaguru.cz/slovnik-a-mediatypy/slovnik/klicova-slova/afinita/},
  urldate      = {2022-05-10},
}

@thesis{campaigns:creation, 
  type         = {Bakalářská práce},
  title        = {Proces tvorby reklamní kampaně},
  date         = 2010,
  url          = {https://theses.cz/id/avtbih/Pavla_Kucha_ov_Bakal_sk_prce.pdf},
  author       = {Kuchařová Pavla},
  urldate      = {2022-05-10},
}

@online{marketing:strategy,
  author       = {{MarketingPPC s.r.o.}},
  title        = {Strategie online marketingu},
  date         = {2022-01-29},
  url          = {https://www.marketingppc.cz/marketing/online-marketing/#online-propagace},
  urldate      = {2022-05-10},
}